<?xml version="1.0" encoding="UTF-8"?><collection xmlns="http://www.loc.gov/MARC21/slim"><record><leader>00416nam--2200145-i-4500</leader><controlfield tag="001">000014261</controlfield><controlfield tag="002">20161230</controlfield><controlfield tag="005">20161230201030</controlfield><controlfield tag="008">060222s1000------------r-----000-0-eng-d</controlfield><datafield ind1=" " ind2=" " tag="080"><subfield code="a">512.81</subfield></datafield><datafield ind1=" " ind2=" " tag="100"><subfield code="a">Atiyah, M. F. /S.A.</subfield></datafield><datafield ind1=" " ind2=" " tag="245"><subfield code="a">Representation theory of lie groups</subfield></datafield><datafield ind1=" " ind2=" " tag="260"><subfield code="a">Cambridge, Cambridge University Press, 1979 V + 341 P</subfield></datafield><datafield ind1=" " ind2=" " tag="490"><subfield code="a">London Mathematical Society Lecture Note Series</subfield></datafield><datafield ind1=" " ind2=" " tag="852"><subfield code="a">43940</subfield></datafield></record></collection>